@article{noweb,
	author = {Norman Ramsey},
	title = {Literate programming simplified},
	journal = {IEEE Software},
	volume = {11},
	number = {5},
  pages = {97--105},
  month = {Sept},
	year = {1994},
	url = {http://www.cs.tufts.edu/~nr/noweb/}
}

@Manual{RCore,
  title = {R: A Language and Environment for Statistical Computing},
  author = {{R Core Team}},
  organization = {R Foundation for Statistical Computing},
  address = {Vienna, Austria},
  year = {2013},
  url = {http://www.R-project.org/},
}